@misc{NervousSystem2018,
author = {{Nervous System}},
title = {{Porifera}},
url = {https://n-e-r-v-o-u-s.com/projects/sets/porifera/},
urldate = {2019-06-22},
year = {2018}
}
@misc{NervousSystem2018a,
author = {{Nervous System}},
title = {{Coral Cup}},
url = {https://n-e-r-v-o-u-s.com/blog/?p=8222},
urldate = {2019-06-22},
year = {2018}
}
@inproceedings{Djajadiningrat2008,
author = {Djajadiningrat, Tom and Geurts, Luc and Christiaansen, Geert and Kyffin, Steven},
booktitle = {Design and semantics of form and movement : DeSForM 2008},
pages = {92--96},
publisher = {Koninklijke Philips Electronics},
title = {{Mindspheres: Play your skills, relax your mind}},
url = {https://pure.tue.nl/ws/portalfiles/portal/2856357/642120.pdf},
year = {2008}
}
@misc{Dragicevic2014,
author = {Dragicevic, Pierre and Jansen, Yvonne},
mendeley-groups = {Introduction},
title = {{List of Physical Visualizations: 1992 â€“ Durrell Bishop's Marble Answering Machine}},
url = {http://dataphys.org/list/durrell-bishops-marble-answering-machine/},
urldate = {2019-06-22},
year = {2014}
}
